<?xml version="1.0"?>
<record xmlns="http://www.loc.gov/MARC21/slim">
  <leader>07344cam a2200997 a 4500</leader>
  <controlfield tag="001">alicejerrybooksr11odon_0</controlfield>
  <controlfield tag="003">CaSfIA</controlfield>
  <controlfield tag="005">20160820140213.0</controlfield>
  <controlfield tag="007">cr||||||||||||</controlfield>
  <controlfield tag="008">821220m19369999ilu    j          0 eng c</controlfield>
  <datafield tag="035" ind1=" " ind2=" ">
    <subfield code="a">ocm65652374</subfield>
  </datafield>
  <datafield tag="040" ind1=" " ind2=" ">
    <subfield code="b">eng</subfield>
    <subfield code="d">CaSfIA</subfield>
  </datafield>
  <datafield tag="049" ind1=" " ind2=" ">
    <subfield code="a">aeu</subfield>
    <subfield code="b">eng</subfield>
  </datafield>
  <datafield tag="050" ind1=" " ind2="4">
    <subfield code="a">PE 1121</subfield>
    <subfield code="b">A39 1936</subfield>
  </datafield>
  <datafield tag="090" ind1="0" ind2="0">
    <subfield code="a">PE 1121 A39 1936 rdr.1-6</subfield>
    <subfield code="b">CH</subfield>
  </datafield>
  <datafield tag="245" ind1="0" ind2="4">
    <subfield code="a">The Alice and Jerry basic reading program :</subfield>
    <subfield code="h">[electronic resource] </subfield>
    <subfield code="b">[rdr.1-6] /</subfield>
    <subfield code="c">by Mabel O'Donnell ... [et al.].</subfield>
  </datafield>
  <datafield tag="260" ind1=" " ind2=" ">
    <subfield code="a">Evanston, Ill. :</subfield>
    <subfield code="b">Row, Peterson,</subfield>
    <subfield code="c">c1936-.</subfield>
  </datafield>
  <datafield tag="300" ind1=" " ind2=" ">
    <subfield code="a">v. :</subfield>
    <subfield code="b">ill. ;</subfield>
    <subfield code="c">19-28 cm.</subfield>
  </datafield>
  <datafield tag="336" ind1=" " ind2=" ">
    <subfield code="a">text</subfield>
    <subfield code="b">txt</subfield>
    <subfield code="2">rdacontent</subfield>
  </datafield>
  <datafield tag="337" ind1=" " ind2=" ">
    <subfield code="a">unmediated</subfield>
    <subfield code="b">n</subfield>
    <subfield code="2">rdamedia</subfield>
  </datafield>
  <datafield tag="338" ind1=" " ind2=" ">
    <subfield code="a">volume</subfield>
    <subfield code="b">nc</subfield>
    <subfield code="2">rdacarrier</subfield>
  </datafield>
  <datafield tag="500" ind1=" " ind2=" ">
    <subfield code="a">Some v. have title: The Alice and Jerry basic readers. Reading foundation series.</subfield>
  </datafield>
  <datafield tag="500" ind1=" " ind2=" ">
    <subfield code="a">Editions vary on some texts.</subfield>
  </datafield>
  <datafield tag="500" ind1=" " ind2=" ">
    <subfield code="a">Accompanied by Guidebooks for teachers [tch.gd.], Workbooks [wkbk.], Companion books [compn.bk.] and Vocabularies [vocab].</subfield>
  </datafield>
  <datafield tag="505" ind1="0" ind2=" ">
    <subfield code="a">[rdr.1 pt.1] Round about -- [rdr.1 pt.2] Anything can happen -- [rdr.2 pt.1] Down the river road -- [rdr.2 pt.2] Friendly village -- [rdr.2 pt.3] Neighbors on the hill -- [rdr.3 pt.1] Through the green gate -- [rdr.3 pt.2] If I were going -- [rdr.3 pt.3] Five and a half club -- [rdr.4] Singing wheels -- [rdr.5] Engine whistles -- [rdr.6] Runaway home.</subfield>
  </datafield>
  <datafield tag="596" ind1=" " ind2=" ">
    <subfield code="a">41</subfield>
  </datafield>
  <datafield tag="597" ind1=" " ind2=" ">
    <subfield code="a">1:PE 1121 A39 1936 rdr.1-6 rdr.1 pt.1 compn.bk</subfield>
    <subfield code="a">2:PE 1121 A39 1936 rdr.1-6 rdr.2 pt.1 compn.bk</subfield>
    <subfield code="a">3:PE 1121 A39 1936 rdr.1-6 rdr.2 pt.2 compn.bk</subfield>
    <subfield code="a">5:PE 1121 A39 1936 rdr.1-6 rdr.3 pt.1 compn.bk</subfield>
    <subfield code="a">9:PE 1121 A39 1936 rdr.1-6 rdr.1 pt.1 vocab. wkbk</subfield>
    <subfield code="a">11:PE 1121 A39 1936 rdr.1-6 rdr.2 pt.1 tch.gd</subfield>
    <subfield code="a">12:PE 1121 A39 1936 rdr.1-6 rdr.2 pt.2 tch.gd</subfield>
    <subfield code="a">17:PE 1121 A39 1936 rdr.1-6 rdr.1 pt.1 vocab. wkbk</subfield>
    <subfield code="a">19:PE 1121 A39 1936 rdr.1-6 rdr.2 pt.1 tch.gd</subfield>
    <subfield code="a">21:PE 1121 A39 1936 rdr.1-6 rdr.2 pt.2 tch.gd</subfield>
    <subfield code="a">22:PE 1121 A39 1936 rdr.1-6 rdr.3 pt.2 tch.gd</subfield>
    <subfield code="a">24:PE 1121 A39 1936 rdr.1-6 rdr.1 pt.1 tch.gd</subfield>
    <subfield code="a">29:PE 1121 A39 1936 rdr.1-6 rdr.1 pt.1 tch.gd</subfield>
    <subfield code="a">30:PE 1121 A39 1936 rdr.1-6 rdr.1 pt.1 tch.gd</subfield>
    <subfield code="a">32:PE 1121 A39 1936 rdr.1-6 rdr.3 pt.1 tch.gd</subfield>
    <subfield code="a">33:PE 1121 A39 1936 rdr.1-6 rdr.3 pt.2 compn.bk</subfield>
    <subfield code="a">36:PE 1121 A39 1936 rdr.1-6 rdr.3 pt.2 tch.gd</subfield>
  </datafield>
  <datafield tag="650" ind1=" " ind2="0">
    <subfield code="a">Readers.</subfield>
    <subfield code="v">Juvenile literature.</subfield>
  </datafield>
  <datafield tag="650" ind1=" " ind2="0">
    <subfield code="a">Readers (Primary)</subfield>
    <subfield code="v">Juvenile literature.</subfield>
  </datafield>
  <datafield tag="700" ind1="1" ind2=" ">
    <subfield code="a">O'Donnell, Mabel.</subfield>
  </datafield>
  <datafield tag="740" ind1="4" ind2=" ">
    <subfield code="a">The Alice and Jerry basic readers. Reading foundation series.</subfield>
  </datafield>
  <datafield tag="856" ind1="4" ind2="1">
    <subfield code="u">http://archive.org/details/alicejerrybooksr11odon_0</subfield>
    <subfield code="z">Free eBook from the Internet Archive</subfield>
    <subfield code="3">Volume Reader 1 - Part 1 Companion Book</subfield>
  </datafield>
</record>
